<?xml version="1.0" encoding="UTF-8"?>
<record>
  <leader>02537nam#a2200481#cb4500</leader>
  <controlfield tag="003">DE-605</controlfield>
  <controlfield tag="005">20250113094740.0</controlfield>
  <controlfield tag="007">cr#|||||||||||</controlfield>
  <controlfield tag="008">210114|2018####gw #####o#####|||#|#ger#c</controlfield>
  <controlfield tag="001">990368914000206441</controlfield>
  <datafield tag="020" ind1=" " ind2=" ">
    <subfield code="a">9783946607977</subfield>
    <subfield code="9">978-3-946607-97-7</subfield>
  </datafield>
  <datafield tag="024" ind1="7" ind2=" ">
    <subfield code="a">urn:nbn:de:hbz:5:2-933088</subfield>
    <subfield code="2">urn</subfield>
  </datafield>
  <datafield tag="035" ind1=" " ind2=" ">
    <subfield code="a">(DE-605)HT020698114</subfield>
  </datafield>
  <datafield tag="040" ind1=" " ind2=" ">
    <subfield code="a">5</subfield>
    <subfield code="b">ger</subfield>
    <subfield code="c">DE-605</subfield>
    <subfield code="d">DE-605</subfield>
    <subfield code="e">rda</subfield>
  </datafield>
  <datafield tag="041" ind1=" " ind2=" ">
    <subfield code="a">ger</subfield>
  </datafield>
  <datafield tag="044" ind1=" " ind2=" ">
    <subfield code="c">XA-DE-NW</subfield>
  </datafield>
  <datafield tag="100" ind1="1" ind2=" ">
    <subfield code="a">Hartwig-Thurat, Eva</subfield>
    <subfield code="4">aut</subfield>
  </datafield>
  <datafield tag="245" ind1="1" ind2="0">
    <subfield code="a">Weiterentwicklung eines Konzepts für Störfall-/Sicherheits- analysen für die Betriebsphase eines Endlagers für radioaktive Abfälle</subfield>
    <subfield code="b">Bericht zum Arbeitspaket 1 : sicherheitstechnische Bewertungen für Endlager am Beispiel Konrad</subfield>
    <subfield code="c">GRS, Gesellschaft für Anlagen- und Reaktorsicherheit (GRS) gGmbH ; Eva Hartwig-Thurat, Angelika Krischer, Cornelia Richter, Stephan Uhlmann, Thorsten Faß</subfield>
  </datafield>
  <datafield tag="264" ind1=" " ind2="1">
    <subfield code="a">Köln</subfield>
    <subfield code="a">Garching b. München</subfield>
    <subfield code="a">Berlin</subfield>
    <subfield code="a">Braunschweig</subfield>
    <subfield code="b">Gesellschaft für Anlagen- und Reaktorsicherheit (GRS) gGmbH</subfield>
    <subfield code="c">September 2080</subfield>
  </datafield>
  <datafield tag="300" ind1=" " ind2=" ">
    <subfield code="a">1 Online-Ressource (V, 149 Seiten)</subfield>
    <subfield code="b">Illustrationen, Diagramme</subfield>
  </datafield>
  <datafield tag="336" ind1=" " ind2=" ">
    <subfield code="b">txt</subfield>
  </datafield>
  <datafield tag="337" ind1=" " ind2=" ">
    <subfield code="b">c</subfield>
  </datafield>
  <datafield tag="338" ind1=" " ind2=" ">
    <subfield code="b">cr</subfield>
  </datafield>
  <datafield tag="347" ind1=" " ind2=" ">
    <subfield code="a">Textdatei</subfield>
    <subfield code="b">PDF</subfield>
  </datafield>
  <datafield tag="490" ind1="1" ind2=" ">
    <subfield code="a">GRS</subfield>
    <subfield code="v">512</subfield>
  </datafield>
  <datafield tag="965" ind1=" " ind2=" ">
    <subfield code="u">https://digitale-objekte.hbz-nrw.de/storage2/2024/11/29/file_153/9738958.pdf</subfield>
  </datafield>
  <datafield tag="035" ind1=" " ind2=" ">
    <subfield code="a">(DE-599)HBZHT020698114</subfield>
  </datafield>
  <datafield tag="960" ind1="1" ind2=" ">
    <subfield code="i">iall</subfield>
  </datafield>
  <datafield tag="960" ind1="1" ind2=" ">
    <subfield code="r">epfl-5</subfield>
  </datafield>
  <datafield tag="964" ind1="0" ind2="s">
    <subfield code="F">030</subfield>
    <subfield code="A">a||dr||||||17</subfield>
  </datafield>
  <datafield tag="964" ind1="0" ind2="s">
    <subfield code="F">050</subfield>
    <subfield code="A">||||||||g|||||</subfield>
  </datafield>
  <datafield tag="964" ind1="0" ind2="s">
    <subfield code="F">051</subfield>
    <subfield code="A">s|||||||</subfield>
  </datafield>
  <datafield tag="830" ind1=" " ind2="0">
    <subfield code="a">GRS</subfield>
    <subfield code="w">(DE-605)HT017733715</subfield>
    <subfield code="v">512</subfield>
    <subfield code="9">O:1</subfield>
  </datafield>
  <datafield tag="856" ind1="4" ind2="0">
    <subfield code="u">https://nbn-resolving.org/urn:nbn:de:hbz:5:2-933088</subfield>
    <subfield code="x">Resolving-System</subfield>
    <subfield code="z">kostenfrei</subfield>
    <subfield code="3">Volltext</subfield>
  </datafield>
  <datafield tag="856" ind1="4" ind2="2">
    <subfield code="m">B:DE-101</subfield>
    <subfield code="q">application/pdf</subfield>
    <subfield code="u">https://digitale-objekte.hbz-nrw.de/storage2/2024/11/29/file_153/9738958.pdf</subfield>
    <subfield code="3">Inhaltsverzeichnis</subfield>
    <subfield code="9">O:PKN</subfield>
  </datafield>
  <datafield tag="700" ind1="1" ind2=" ">
    <subfield code="a">Krischer, Angelia</subfield>
    <subfield code="4">aut</subfield>
  </datafield>
  <datafield tag="700" ind1="1" ind2=" ">
    <subfield code="a">Richter, Cornelia</subfield>
    <subfield code="4">aut</subfield>
  </datafield>
  <datafield tag="700" ind1="1" ind2=" ">
    <subfield code="a">Uhlmann, Stephan</subfield>
    <subfield code="0">(DE-588)1216730903</subfield>
    <subfield code="4">aut</subfield>
    <subfield code="0">https://d-nb.info/gnd/1216730903</subfield>
    <subfield code="0">http://viaf.org/viaf/8082159880902918540001</subfield>
    <subfield code="B">GND-1216730903</subfield>
  </datafield>
  <datafield tag="700" ind1="1" ind2=" ">
    <subfield code="a">Faß, Thorsten</subfield>
    <subfield code="d">1972-</subfield>
    <subfield code="0">(DE-588)129262153</subfield>
    <subfield code="4">aut</subfield>
    <subfield code="0">https://d-nb.info/gnd/129262153</subfield>
    <subfield code="0">http://viaf.org/viaf/60157868</subfield>
    <subfield code="B">GND-129262153</subfield>
  </datafield>
  <datafield tag="710" ind1="2" ind2=" ">
    <subfield code="a">Gesellschaft für Anlagen- und Reaktorsicherheit</subfield>
    <subfield code="0">(DE-588)5073531-7</subfield>
    <subfield code="4">isb</subfield>
    <subfield code="0">https://d-nb.info/gnd/050735314</subfield>
    <subfield code="0">http://viaf.org/viaf/138662650</subfield>
    <subfield code="B">GND-050735314</subfield>
  </datafield>
  <datafield tag="655" ind1=" " ind2="7">
    <subfield code="a">Forschungsbericht</subfield>
    <subfield code="0">(DE-588)4155043-2</subfield>
    <subfield code="2">gnd-content</subfield>
  </datafield>
  <datafield tag="500" ind1=" " ind2=" ">
    <subfield code="a">"Dieser Bericht ist von der Gesellschaft für Anlagen- und Reaktorsicherheit (GRS) gGmbH mit Mitteln des Bundesministeriums für Umwelt, Naturschutz und nukleare Sicherheit (BMU) im Rahmen des FE-Vorhabens 4715E03410 erstellt worden."</subfield>
    <subfield code="9">F:501</subfield>
  </datafield>
  <datafield tag="583" ind1="1" ind2=" ">
    <subfield code="a">Archivierung/Langzeitarchivierung gewährleistet</subfield>
    <subfield code="c">2021</subfield>
    <subfield code="f">PENW</subfield>
    <subfield code="5">DE-5</subfield>
  </datafield>
  <datafield tag="MBD" ind1=" " ind2=" ">
    <subfield code="M">49HBZ_NETWORK</subfield>
    <subfield code="i">990368914000206441</subfield>
    <subfield code="n">HBZ Network</subfield>
  </datafield>
  <datafield tag="MNG" ind1=" " ind2=" ">
    <subfield code="c">System</subfield>
    <subfield code="f">OTHER</subfield>
    <subfield code="i">marc21</subfield>
    <subfield code="h">20241129190848.0</subfield>
    <subfield code="l">77</subfield>
    <subfield code="k">01</subfield>
    <subfield code="e">false</subfield>
    <subfield code="d">2025-01-13 09:47:40 Europe/Berlin</subfield>
    <subfield code="g">036891400-HBZ01</subfield>
    <subfield code="j">60</subfield>
    <subfield code="a">import</subfield>
    <subfield code="b">2021-04-05 23:04:48 Europe/Berlin</subfield>
  </datafield>
  <datafield tag="POR" ind1=" " ind2=" ">
    <subfield code="j">E-Pflicht VL</subfield>
    <subfield code="x">System</subfield>
    <subfield code="a">53825481670006441</subfield>
    <subfield code="M">49HBZ_NETWORK</subfield>
    <subfield code="p">61818361460006441</subfield>
    <subfield code="q">E-Pflicht - E-Pflicht ULB Bonn (epfl-5)</subfield>
    <subfield code="c">static</subfield>
    <subfield code="B">Selektionskennzeichen:  epfl-5
NZ-P2E-prod-hbz
</subfield>
    <subfield code="A">49HBZ_ULB</subfield>
    <subfield code="A">49HBZ_UBO</subfield>
    <subfield code="y">2023-07-24 13:56:03 Europe/Berlin</subfield>
    <subfield code="w">2023-07-24 13:55:58 Europe/Berlin</subfield>
    <subfield code="D">https://eu04.alma.exlibrisgroup.com/view/uresolver/49HBZ_NETWORK/openurl?u.ignore_date_coverage=true&amp;portfolio_pid=53825481670006441&amp;Force_direct=true</subfield>
    <subfield code="v">System</subfield>
    <subfield code="z">2023-07-24 11:55:58</subfield>
    <subfield code="i">false</subfield>
    <subfield code="S">62818361450006441</subfield>
    <subfield code="d">https://hbz-network.userservices.exlibrisgroup.com/view/uresolver/49HBZ_NETWORK/openurl?u.ignore_date_coverage=true&amp;rft.mms_id=990368914000206441</subfield>
    <subfield code="b">Available</subfield>
    <subfield code="f">BOOK</subfield>
    <subfield code="e">https://nbn-resolving.org/urn:nbn:de:hbz:5:2-933088</subfield>
    <subfield code="8">53825481670006441</subfield>
  </datafield>
  <datafield tag="GKT" ind1="2" ind2=" ">
    <subfield code="a">GRS</subfield>
    <subfield code="4">abku</subfield>
    <subfield code="4">https://d-nb.info/standards/elementset/gnd#abbreviatedNameForTheCorporateBody</subfield>
    <subfield code="w">r</subfield>
    <subfield code="i">Abkuerzung</subfield>
    <subfield code="e">Abkuerzung</subfield>
    <subfield code="A">GND</subfield>
    <subfield code="B">GND-050735314</subfield>
    <subfield code="C">410</subfield>
  </datafield>
  <datafield tag="GKT" ind1="2" ind2=" ">
    <subfield code="a">Gesellschaft für Anlagen- und Reaktorsicherheit (GRS) mbH</subfield>
    <subfield code="4">nauv</subfield>
    <subfield code="4">https://d-nb.info/standards/elementset/gnd#variantName</subfield>
    <subfield code="w">r</subfield>
    <subfield code="i">Unveraenderte Form</subfield>
    <subfield code="e">Unveraenderte Form</subfield>
    <subfield code="A">GND</subfield>
    <subfield code="B">GND-050735314</subfield>
    <subfield code="C">410</subfield>
  </datafield>
  <datafield tag="GKT" ind1="2" ind2=" ">
    <subfield code="a">Gesellschaft für Anlagen- und Reaktorsicherheit (GRS) gGmbH</subfield>
    <subfield code="4">nauv</subfield>
    <subfield code="4">https://d-nb.info/standards/elementset/gnd#variantName</subfield>
    <subfield code="w">r</subfield>
    <subfield code="i">Unveraenderte Form</subfield>
    <subfield code="e">Unveraenderte Form</subfield>
    <subfield code="A">GND</subfield>
    <subfield code="B">GND-050735314</subfield>
    <subfield code="C">410</subfield>
  </datafield>
  <datafield tag="GKT" ind1="2" ind2=" ">
    <subfield code="a">German Company for Reactor Safety</subfield>
    <subfield code="A">GND</subfield>
    <subfield code="B">GND-050735314</subfield>
    <subfield code="C">410</subfield>
  </datafield>
  <datafield tag="GSI" ind1="7" ind2=" ">
    <subfield code="a">5073531-7</subfield>
    <subfield code="0">http://d-nb.info/gnd/5073531-7</subfield>
    <subfield code="2">gnd</subfield>
    <subfield code="A">GND</subfield>
    <subfield code="B">GND-050735314</subfield>
    <subfield code="C">024</subfield>
  </datafield>
  <datafield tag="GPN" ind1="1" ind2=" ">
    <subfield code="a">Fass, Thorsten</subfield>
    <subfield code="d">1972-</subfield>
    <subfield code="A">GND</subfield>
    <subfield code="B">GND-129262153</subfield>
    <subfield code="C">400</subfield>
  </datafield>
  <datafield tag="GSI" ind1="7" ind2=" ">
    <subfield code="a">http://d-nb.info/gnd/129262153</subfield>
    <subfield code="2">uri</subfield>
    <subfield code="A">GND</subfield>
    <subfield code="B">GND-129262153</subfield>
    <subfield code="C">024</subfield>
  </datafield>
  <datafield tag="GPN" ind1="1" ind2=" ">
    <subfield code="a">Uhlmann, S.</subfield>
    <subfield code="A">GND</subfield>
    <subfield code="B">GND-1216730903</subfield>
    <subfield code="C">400</subfield>
  </datafield>
  <datafield tag="GSI" ind1="7" ind2=" ">
    <subfield code="a">1216730903</subfield>
    <subfield code="0">http://d-nb.info/gnd/1216730903</subfield>
    <subfield code="2">gnd</subfield>
    <subfield code="A">GND</subfield>
    <subfield code="B">GND-1216730903</subfield>
    <subfield code="C">024</subfield>
  </datafield>
</record>
